@book{Strogatz,
      author	= {Steven H. Strogatz},
      title	= {{Nonlinear Dynamics and Chaos}},
      publisher = {Westview Press},
      year      = {1994},
      address   = {Boulder},
      language  = {english}
      }

@inbook{Optimierung,
      author	= {Carl Geiger},
      title	= {{Theorie und Numerik restringierter Optimierungsaufgaben}},
      publisher = {Springer-Verlag},
      chapter   = {2},
      year      = {2002},
      address   = {Berlin},
      language  = {ngerman}
      }

@inbook{Varian,
        author    = {H. R. Varian},
        title     = {Grundz\"{u}ge der Mikro\"{o}konomik},
        publisher = {Oldenbourg},
        chapter   = {1},
        year      =  {2003},
        address   = {M\"{u}nchen},
        language  = {ngerman}
        }

@inbook{Hentschel,
        author    = {K.-M. Hentschel},
        title     = {Es bleibe Licht. 100{\%}{\;}\"{O}kostrom f\"{u}r Europa ohne Klimaabkommen: Ein Reisef\"{u}hrer},
        publisher = {Deutscher Wissenschafts-Verlag},
        chapter   = {15},
        year      =  {2010},
        address   = {Baden-Baden},
        language  = {ngerman}
        }

@article{StrogatzKuramoto,
        author    = {S. Strogatz},
        title     = {From Kuramoto to Crawford: exploring the onset of synchronization
in populations of coupled oscillators},
        journal   = {Physica D},
        volume    = {143},
        pages     = {1-20},
        year      = {2000},
        language  = {english}
        }

@article{smartgrid,
        author    = {A. Ipakchi and F. Albuyeh},
        title     = {{Grid of the Future}},
        journal   = {IEEE power \& energy magazine},
        volume    = {march/april 2009},
        language  = {english}
        }

@inbook{Kuramoto,
      author	= {Y. Kuramoto},
      title	= {{Chemical Oscillations,Waves, and Turbulence}},
      publisher = {Springer-Verlag},
      year      = {1984},
      address   = {Berlin},
      language  = {english}
      }


@inbook{Fehl,
        author    = {U. Fehl and P. Oberender},
        title     = {Grundlagen der Mikro\"{o}konomie},
        publisher = {Verlag Franz Vahlen},
        chapter   = {1},
        year      =  {1994},
        address   = {M\"{u}nchen},
        language  = {ngerman}
        }

@inbook{Gros,
      author	= {Claudius Gros},
      title	= {{Complex and Adaptive Dynamical Systems}},
      publisher = {Springer-Verlag},
      year      = {2008},
      address   = {Berlin},
      language  = {english}
      }

@MASTERSTHESIS{Moritz,
  AUTHOR = {Moritz Matthiae},
  TITLE = {\textit{Stability of oscillatory electrical grids against
stochastic and periodic power fluctuations}},
  YEAR = 2012,
  MONTH = September,
  SCHOOL = {Georg-August-Universit\"{a}t G\"{o}ttingen},
  TYPE = {Bachelor thesis},
  language = {ngerman}
}

@inbook{Oeding,
      author = {D. Oeding and B. R. Oswald},
      title	= {{Elektrische Kraftwerke und Netze}},
      publisher = {Springer Verlag},
      chapter = {15.6.},
      year      = {2004},
      address   = {Berlin},
      language  = {ngerman}
      }

@book{Heuck,
      author	= {K. Heuck and  K.-D. Dettmann and E. Reuter},
      title	= {{Elektrische Energieversorgung}},
      publisher = {Vieweg+Teubner Verlag},
      year      = {2010},
      address   = {Wiesbaden},
      language  = {ngerman}
      }

@inbook{Demtroeder1,
      author	= {Wolfgang Demtr\"{o}der},
      title	= {{Experimentalphysik 1, Mechanik und W\"{a}rme}},
      publisher = {Springer Verlag},
      chapter   = {11},
      year      = {2004},
      address   = {Berlin},
      language  = {ngerman}
      }

@inbook{TransCode,
     author = {Regelwerk der deutschen \"{U}bertragungsnetzbetreiber},
      title	= {{TransmissionCode}},
      chapter = {7.3.4.},
      year      = {2007},
      language  = {ngerman}
      }



@book{Demtroeder2,
      author	= {Wolfgang Demtr\"{o}der},
      title	= {{Experimentalphysik 2, Elektrizit\"{a}t und Optik}},
      publisher = {Springer Verlag},
      year      = {1995},
      address   = {Berlin},
      language  = {ngerman}
      }

@book{Machowski,
      author	= {J. Machowski and J.W. Bialek and J.R. Bumby},
      title	= {{Power system dynamics: stability and control}},
      publisher = {John Wiley \& Sons},
      year      = {2008},
      address   = {Hoboken},
      language  = {english}
      }

@book{Kundur,
      author	= {Prabha Kundur},
      title	= {{Power System Stability and Control}},
      publisher = {Mcgraw-Hill Professional},
      year      = {1994},
      address   = {New York},
      language  = {english}
      }

@article{Filatrella,
        author    = {G. Filatrella and A. Nielsen and N. Pedersen},
        title     = {{Analysis of a power grid using a Kuramoto-like model}},
        journal   = {The European Physical Journal},
        volume    = {61},
        pages     = {485-491},
        year      = {2008},
        language  = {english}
        }

@article{Braess,
        author    = {D. Witthaut and M. Timme},
        title     = {{Braess' paradox in models of supply networks}},
        journal   = {New Journal of Physics},
        volume    = {14},
        pages     = {083036},
        year      = {2012},
        language  = {english}
        }

@article{Motter-Lai,
        author    = {A.E. Motter and Y.-C. Lai},
        title     = {{Cascade-based attacks on complex networks}},
        journal   = {Physical Review},
        volume    = {66},
        year      = {2002},
        language  = {english}
        }


@article{balkan2,
        author    = {O. T\"{o}r and C. Gen\c{c}o\u{g}lu and \"{O}. Tan{\i}d{\i}r and M.E. Cebeci and N. G\"{u}ven},
        title     = {{Investigation of necessary Transmission Enforcements at the Balkan Region of
ENTSO/E in the sense of Inter-area Oscillations after Interconnection of Turkey}},
        journal   = {ELECO},
        volume    = {7th International Conference},
        pages = {I-7 - I-12},
        year      = {2011},
        language  = {english}
        }



@misc{Din,
  author = {{\mbox{B{\&}W~TechComp}}},
  title = {{\textit{Europ\"{a}ische Norm EN 50160 "`Spannungen in \"{o}ffentlichen Elektrizit\"{a}tsversorgungsnetzen"}}},
   howpublished = {\url{www.b-w.at/download/category/29-b-w-wissensdatenbank.html?download=212:en50160}}, 
  note = "[Online; accessed 16-April-2013]",
  language = {ngerman}
}

@misc{2006,
  author = {{Union for the Coordination of Transmission of Electricity (UCTE)}},
  title = {{\textit{Final Report System Disturbance on 4 November 2006}}},
   howpublished = {\url{https://www.entsoe.eu/fileadmin/user\_upload/\_library/publications/ce/otherreports/Final-Report-20070130.pdf}}, 
  note = "[Online; accessed 24-April-2013]",
  language = {english}
}

@misc{stromboerse,
  author = {{\mbox{European~Energy~Exchange~(EEX)~AG}}},
  title = {{\textit{Informationsbrosch\"{u}re: Produkte und Dienstleistungen an der EEX}}},
  howpublished = {\url{http://cdn.eex.com/document/125130/Broschuere_Produkte_Dienstleistungen_EEX_web_DE.pdf}}, 
  note = "[Online; accessed 25-March-2013]",
  language = {ngerman}
}

@misc{politisch,
  author = {Bundesnetzagentur},
  title = {{\textit{Eckpunktepapier der Bundesnetzagentur zu den Aspekten des sich ver\"{a}ndernden Energieversorgungssystems}}},
  howpublished = {\url{http://www.bundesnetzagentur.de/SharedDocs/Downloads/DE/BNetzA/Sachgebiete/Energie/Sonderthemen/SmartGridEckpunktepapier/SmartGridPapierpdf.pdf}}, 
  note = "[Online; accessed 19-April-2013]",
  language = {ngerman}
}

@misc{drehstrom,
  author = {{\mbox{Prof.~Dr.-Ing.~J.~Roth-Stielow}}},
  title = {{Elektrische Energietechnik: Stromsysteme, Drehstrom}},
  howpublished = {\url{http://www.ilea.uni-stuttgart.de/dateien/eetii/ueb/umdruckI.pdf}}, 
  note = "[Online; accessed 25-March-2013]",
  publisher = {Institut für Leistungselektronik und Elektrische Antriebe, Universität Stuttgart},
  language = {ngerman}
}

@misc{IEEE,
  author = {{IEEE Power Systems Test Case Archive}},
  title = {{\textit{Datensatz des IEEE-118-Netzwerkes}}},
  howpublished = {\url{http://www.ee.washington.edu/research/pstca/}}, 
  note = "[Online; accessed 13-April-2013]",
  language = {english}
}

@book{schweine,
       author    = {A. Hanau},
       title     = {{Vierteljahreshefte zur Konjunkturforschung: Die Prognose der Schweinepreise}},
       publisher  = {Verlag Reimar Hobbing},
      year      = {1928},
      address   = {Berlin},
      language  = {ngerman}
      }

@article{Rohden,
        author    = {M. Rohden and A. Sorge and M. Timme and D. Witthaut},
        title     = {{Self-Organized Synchronization in Decentralized Power Grids}},
        journal   = {Physical Review Letters},
        volume    = {109},
        pages     = {064101},
        year      = {2012},
        language  = {english}
        }

@article{Katifori,
        author    = {E. Katifori and G. J. Szöllösi and M. O. Magnasco},
        title     = {{Damage and fluctuations induce loops in optimal transport networks}},
        journal   = {Physical Review Letters},
        volume    = {104},
	pages     = {048704},
        year      = {2010},
        language  = {english}
        }



@inbook{Menz97,
        author    = {W. Menz and J. Mohr},
        title     = {Mikrosystemtechnik fur Ingenieure},
        publisher = {VCH},
        chapter   = {1--9},
        year      = 1997,
        language  = {ngerman}
        }

@article{Horn90,
        author    = {R. G. Horn},
        title     = {Surface Forces and Their Actions in Ceramic Materials},
        journal   = {Journal of the American Ceramic Society},
        volume    = {73},
        pages     = {1117--1135},
        year      = {1990},
        language  = {english}
        }

@inbook{short_path,
        author    = { E. W. Dijkstra},
        title     = {{ Numerische Mathematik 1}},
        publisher = {Springer Verlag},
        chapter   = {"A note on two problems in connexion with graphs"},
        pages = {269-271},
        year      = {1959},
        address   = {Berlin},
        language  = {ngerman}
        }


@inbook{graph,
        author    = {R. Diestel},
        title     = {{Graphentheorie}},
        publisher = {Springer Verlag},
        chapter   = {1},
        year      = {2010},
        address   = {Berlin},
        language  = {ngerman}
        }

@inbook{laplace,
        author    = { F. R. K. Chung},
        title     = {{Spectral Graph Theory}},
        publisher = {American Mathematical Society},
        chapter = {1},
        year      = {1997},
        address = {Providence, Rhode Island},
        language  = {english}
        }

@book{rk4,
      author	= {E. Hairer and S.P. Norsett and G. Wanner},
      title	= {{Solving Ordinary Differential Equations I}},
      publisher = {Springer Verlag},
      year      = {2008},
      address   = {Berlin},
      language  = {english}
      }


@manual{DINEN6232,
        title     = {Pr"ufverfahren f"ur Hochleistungskeramiken: Allgemeine und strukturelle Eigenschaften: Bestimmung von Dichte und Porosit"at},
        organization = {DIN EN 623--2},
        year      = 1991,
        language  = {ngerman}
        }

@book{Lamport94,
        author    = {Leslie Lamport},
        title     = {\LaTeX: A Document Preparation System},
        publisher = {Addison-Wesley},
        year      = 1994,
        language  = {english}
        }

@book{Knuth84,
        author    = {Donald E. Knuth},
        title     = {The \TeX book},
        volume    = {A},
        series    = {Computers and Typesetting},
        publisher = {Addison-Wesley},
        year      = 1984,
        language  = {english}
        }
